# can use http://cassi.cas.org/search.jsp and other indexes to find the abbreviations for each journal
# can use a combination of google scholar, website specific citation tools or crossref to obtain a source bibtex for each reference
# I prefer using the naming scheme from google scholar for referencing

@book{goodfellow1990molecular,
  title={Molecular dynamics: applications in molecular biology},
  author={Goodfellow, Julia M},
  volume={16},
  year={1990},
  publisher={CRC Press}
}
@article{schmidt2014inclusion,
  title={Inclusion of trial functions in the Langevin equation path integral ground state method: Application to parahydrogen clusters and their isotopologues},
  author={Schmidt, Matthew and Constable, Steve and Ing, Christopher and Roy, Pierre-Nicholas},
  journal={The Journal of chemical physics},
  volume={140},
  number={23},
  pages={234101},
  year={2014},
  publisher={AIP Publishing}
}
@article{sarsa2000path,
  title={A path integral ground state method},
  author={Sarsa, A and Schmidt, KE and Magro, WR},
  journal={The Journal of Chemical Physics},
  volume={113},
  number={4},
  pages={1366--1371},
  year={2000},
  publisher={AIP Publishing}
}
@article{constable2013langevin,
  title={Langevin Equation Path Integral Ground State},
  author={Constable, Steve and Schmidt, Matthew and Ing, Christopher and Zeng, Tao and Roy, Pierre-Nicholas},
  journal={The Journal of Physical Chemistry A},
  volume={117},
  number={32},
  pages={7461--7467},
  year={2013},
  publisher={ACS Publications}
}
